@ARTICLE{Mikolov2013a,
  author =       {{Mikolov}, Tomas and {Chen}, Kai and {Corrado}, Greg and
                  {Dean}, Jeffrey},
  title =        "{Efficient Estimation of Word Representations in Vector
                  Space}",
  journal =      {arXiv e-prints},
  keywords =     {Computer Science - Computation and Language},
  year =         2013,
  month =        Jan,
  eid =          {arXiv:1301.3781},
  pages =        {arXiv:1301.3781},
  archivePrefix ={arXiv},
  eprint =       {1301.3781},
  primaryClass = {cs.CL},
  adsurl =       {https://ui.adsabs.harvard.edu/abs/2013arXiv1301.3781M},
  adsnote =      {Provided by the SAO/NASA Astrophysics Data System}
}

@incollection{Mikolov2013b,
  title =        {Distributed Representations of Words and Phrases and their
                  Compositionality},
  author =       {Mikolov, Tomas and Sutskever, Ilya and Chen, Kai and Corrado,
                  Greg S and Dean, Jeff},
  booktitle =    {Advances in Neural Information Processing Systems 26},
  editor =       {C. J. C. Burges and L. Bottou and M. Welling and Z.
                  Ghahramani and K. Q. Weinberger},
  pages =        {3111--3119},
  year =         2013,
  publisher =    {Curran Associates, Inc.},
  url =
                  {http://papers.nips.cc/paper/5021-distributed-representations-of-words-and-phrases-and-their-compositionality.pdf}
}

@article{Blei2003,
  author =       {Blei, David M. and Ng, Andrew Y. and Jordan, Michael I.},
  title =        {Latent Dirichlet Allocation},
  journal =      {J. Mach. Learn. Res.},
  issue_date =   {3/1/2003},
  volume =       3,
  month =        mar,
  year =         2003,
  issn =         {1532-4435},
  pages =        {993--1022},
  numpages =     30,
  url =          {http://dl.acm.org/citation.cfm?id=944919.944937},
  acmid =        944937,
  publisher =    {JMLR.org},
}

@article{Bengio2003,
  author =       {Bengio, Yoshua and Ducharme, R{\'e}jean and Vincent, Pascal
                  and Janvin, Christian},
  title =        {A Neural Probabilistic Language Model},
  journal =      {J. Mach. Learn. Res.},
  issue_date =   {3/1/2003},
  volume =       3,
  month =        mar,
  year =         2003,
  issn =         {1532-4435},
  pages =        {1137--1155},
  numpages =     19,
  url =          {http://dl.acm.org/citation.cfm?id=944919.944966},
  acmid =        944966,
  publisher =    {JMLR.org},
}

@ARTICLE{Moody2016,
  author =       {{Moody}, Christopher E},
  title =        "{Mixing Dirichlet Topic Models and Word Embeddings to Make
                  lda2vec}",
  journal =      {arXiv e-prints},
  keywords =     {Computer Science - Computation and Language},
  year =         2016,
  month =        "May",
  eid =          {arXiv:1605.02019},
  pages =        {arXiv:1605.02019},
  archivePrefix ={arXiv},
  eprint =       {1605.02019},
  primaryClass = {cs.CL},
  adsurl =       {https://ui.adsabs.harvard.edu/abs/2016arXiv160502019M},
  adsnote =      {Provided by the SAO/NASA Astrophysics Data System}
}

@article{Engelhardt2007,
  author =       {Engelhardt, Barbara E. AND Stephens, Matthew},
  journal =      {PLOS Genetics},
  publisher =    {Public Library of Science},
  title =        {Analysis of Population Structure: A Unifying Framework and
                  Novel Methods Based on Sparse Factor Analysis},
  year =         2010,
  month =        09,
  volume =       6,
  url =          {https://doi.org/10.1371/journal.pgen.1001117},
  pages =        {1-12},
  number =       9,
  doi =          {10.1371/journal.pgen.1001117}
}
                  
@Article{Eckart1936,
author="Eckart, Carl
and Young, Gale",
title="The approximation of one matrix by another of lower rank",
journal="Psychometrika",
year="1936",
month="Sep",
day="01",
volume="1",
number="3",
pages="211--218",
issn="1860-0980",
doi="10.1007/BF02288367",
url="https://doi.org/10.1007/BF02288367"
}

@article{Tipping1999,
  author = {Tipping, Michael E. and Bishop, Christopher M.},
  title = {Probabilistic Principal Component Analysis},
  journal = {Journal of the Royal Statistical Society: Series B (Statistical Methodology)},
  volume = {61},
  number = {3},
  pages = {611-622},
  keywords = {Density estimation, EM algorithm, Gaussian mixtures, Maximum likelihood, Principal component analysis, Probability model},
  doi = {10.1111/1467-9868.00196},
  url = {https://rss.onlinelibrary.wiley.com/doi/abs/10.1111/1467-9868.00196},
  eprint = {https://rss.onlinelibrary.wiley.com/doi/pdf/10.1111/1467-9868.00196},
}
